@article{Euler36, 
author = {Euler, Leonhard}, 
title = {Solutio problematis ad geometriam situs pertinentis},
journal = {Opera Omnia}, 
volume = {7}, 
pages = {128--140}, 
year = {1736}
}
@Article{Polya1930,
author = {P\'olya, George},
title = {Sur quelques points de la théorie des probabilités},
journal = {Annales de l'IHP},
year = {1930},
OPTkey = {•},
volume = {1},
number = {2},
pages = {117-161},
OPTmonth = {•},
note = {\small{\url{http://www.numdam.org/item?id=AIHP_1930__1_2_117_0}}},
OPTannote = {•},
}

@BOOK{PolyaHowto,
title={{H}ow to {S}olve {I}t: {A} {N}ew {A}spect of {M}athematical {M}ethod},
author={P\'olya, George},
publisher={Princeton University Press},
year={1973},
edition={2nd},
isbn={9780691080970},
}

@BOOK{Polya-random,
title={The Random Walks of George Polya},
author={Alexanderson, Gerald L.},
publisher={The Mathematical Association of America},
year={2000},
month={1},
isbn={9780883855287},
}

@BOOK{Mahmoud2008,
title={{P}olya {U}rn {M}odels},
author={Mahmoud, Hosam},
publisher={Chapman and Hall/CRC},
year={2008},
month={6},
isbn={9781420059830},
}

@BOOK{Feller1957,
title={{I}ntroduction to {P}robability {T}heory and its {A}pplications},
author={William Feller},
publisher={Wiley},
year={1957},
edition={2nd},
volume = {1},
asin={B000UFWFLW},
}
@BOOK{JohnsonKotz197708,
title={Urn Models and Their Application: An Approach to Modern Discrete Probability Theory },
author={Norman L. Johnson and Samuel Kotz},
publisher={John Wiley \& Sons},
year={1977},
month={8},
isbn={9780471446309},
}
@BOOK{Swinnen,
title={Apprendre \`a  programmer avec Python 3},
author={Swinnen, G\'erard},
year={2012},
publisher={EYROLLES},
isbn={9782212134346},
}

@BOOK{Robert2003,
title={Au-delà des ponts de K\"{o}nigsberg, Theorie des graphes, Problèmes, Théorèmes et Algorithmes},
author={Cogis, Olivier and Robert, Claudine},
publisher={VUIBERT},
year={2003},
}

@Article{Kuhn1955,
author = {Kuhn, Harold William},
title = {The Hungarian Method for the assignment problem},
journal = {Naval Research Logistic Quarterly},
year = {1955},
OPTkey = {•},
volume = {2},
number = {},
pages = {83-97},
OPTmonth = {•},
note = {},
OPTannote = {•},
}

@BOOK{SedgewickWayne201103, 
title={Algorithms},
author={Sedgewick, Robert and Wayne, Kevin},
publisher={Addison Wesley},
year={2011},
edition={4e},
isbn={9780321573513},
note={~\\ \textsf{\small{Une approche thématique permettant de reprendre les différents et paradigmes de l'algorithmique. La présentation est soignée, les détails des implémentations en Java sont très utiles.}}}
}

@BOOK{Dowek201101, 
title={Introduction à la science informatique : Pour les enseignants de la discipline en lycée},
author={Gilles Dowek},
publisher={CRDP Académie de Paris},
year={2011},
isbn={9782866311889},
url={https://wiki.inria.fr/sciencinfolycee/Pour_se_former_:_contenus_et_m%C3%A9thodes},
note={\\ \textsf{\small{Cet ouvrage est une introduction à la science informatique. Il couvre pratiquement mais sans trop approfondir tous les aspects demandés par le ministère. Le livre est ouvert et se veut une première approche de cette science. La partie mise en oeuvre et savoirs-faire pratiques ne sont que peu abordés. Chaque chapitre engage cependant une réflexion sur les pratiques pédagogiques.}}}
}

@BOOK{Dowek-sans-note, 
title={Introduction à la science informatique : Pour les enseignants de la discipline en lycée},
author={Gilles Dowek},
publisher={CRDP Académie de Paris},
year={2011},
isbn={9782866311889},
url={https://wiki.inria.fr/sciencinfolycee/Pour_se_former_:_contenus_et_m%C3%A9thodes},
}

@BOOK{HartmannReichert201110,
title={Enseigner l'informatique},
author={Werner Hartmann and Raimond Reichert},
publisher={Springer (Collection IRIS) },
year={2011},
isbn={9782817802619},
totalpages={192},
note={\\ \textsf{\small{Traduction d'un ouvrage en allemand, orienté pédagogie de l'informatique, il apporte un bon soutien et des réflexions sur la manière de conduire des activités en informatique. Il n'aborde pas directement les aspects scientifiques ni les projets "lourds" qui s'échelonnent sur plusieurs semaines.}}}
}

@BOOK{Archambault201207,
title={Manuel d'informatique et sciences du numérique (isn) - option isn pour les lycéens},
author={Gilles Dowek (coordination)},
publisher={Eyrolles},
year={2012},
isbn={9782212135435},
}
note={\\ \textsf{\small{Ouvrage didactique mettant les concepts en perspective avec des exemples simples. À destination des élèves, il aide à la compréhension de la science informatique  selon les axes du programme ISN en insistant sur les activités.}}}

@BOOK{CormenLeisersonRivestStein201006,
title={Algorithmique},
author={Thomas Cormen and Charles Leiserson and Ronald Rivest and Clifford Stein},
publisher={Dunod},
year={2010},
edition={3e},
isbn={9782100545261},
}
note={\\ \textsf{\small{Ouvrage de référence internationale en algorithmique. Très pédagogique il peut être utilisé en auto-formation, lorsque les bases sont acquises.}}}


@BOOK{Kozen199112,
title={The Design and Analysis of Algorithms (Monographs in Computer Science)},
author={Dexter C. Kozen},
publisher={Springer},
year={1991},
note={\\ \textsf{\small{Excellent ouvrage pour de l'algorithmique avancée. Présenté sous forme de séquence de lectures "indépendantes" il va directement à l'essentiel. Les principes algorithmiques sont ainsi mis en valeur.}}}
}

@BOOK{HarelFeldman200404,
title={Algorithmics: The Spirit of Computing},
author={David Harel and Yishai Feldman},
publisher={Addison Wesley},
year={2004},
note={\\ \textsf{\small{Orienté méthodologie, cet ouvrage propose une vue transversale en abordant successivement, méthode et analyse, limitations et robustesse, extensiibilité... interessant pour le recul pris}}}
}

@BOOK{GareyJohnson197904,
title={Computers and Intractability: A Guide to the Theory of Np-Completeness},
author={Michael R. Garey and David S. Johnson},
publisher={W.H.Freeman \& Co Ltd},
year={1979},
isbn={9780716710455},
url={http://amazon.fr/o/ASIN/0716710455/},
price={EUR 75,05},
totalpages={338},
timestamp={2012.06.20},
note={\\ \textsf{\small{Un ouvrage célèbre sur la complexité et la NP-complétude. Les premiers chapitres sont très abordables et positionnent bien la difficulté}}}
}
@BOOK{Dowek,
title={Introduction à la théorie des langages de programmation},
author={Gilles Dowek and Jean-Jacques Lévy},
publisher={Ecole Polytechnique},
year={2006},
isbn={9782730213332},
note={\\ \textsf{\small{Ouvrage a destination d'un large public, il met en avant les points fondamentaux dans  une progression abordable pour tout scientifique}}}
}

@BOOK{AhoSethi89,
title={Compilateurs : principes techniques et outils, cours et exercices},
author={Alfred Aho and Ravi Sethi and Jeffrey Ullman},
publisher={Dunod},
year={2000},
isbn={9782100051267},
note={\\ \textsf{\small{Edition originale : "Compilers, Addison-Wesley Publishing Company, 1986",
c'est un peu la bible de la compilation, ouvrage assez facile d'accès}}}
}

@BOOK{Wolper,
title={Introduction à la calculabilité : Cours et exercices corrigés},
author={Pierre Wolper},
publisher={Dunod},
year={2006},
edition={3e},
isbn={9782100499816},
note={\\ \textsf{\small{Sur ce sujet, ouvrage très pédagogique}}}
}

@BOOK{Cassagne,
title={Introduction au langage C},
author={Bernard Cassagne},
publisher={Livre électronique},
year={1998},
note={\\ \textsf{\small{Introduction pédagogique au langage C \url{http://www-clips.imag.fr/commun/bernard.cassagne/Introduction_ANSI_C.html}}}}
}

@BOOK{King200804,
title={C Programming: A Modern Approach},
author={K. N. King},
publisher={W. W. Norton \& Company},
year={2008},
edition={2e},
isbn={9780393979503},
url={http://amazon.com/o/ASIN/0393979504/},
totalpages={832},
timestamp={2012.06.20},
note={\\ \textsf{\small{livre assez didactique qui est une bonne bible concernant la norme C99}}}
}
@BOOK{Varrette,
title={Programmation Avancée en C avec exercices et corrigés},
author={Sébastien Varrette and Nicolas Bernard},
publisher={Hermes Science Publications},
year={2007},
isbn={9782746215559},
note={\\ \textsf{\small{Contient également des information sur le développement de programmes, débogage, test, environnement logiciel,...  il aborde également les parties les plus classiques et utiles de l'API POSIX (fichiers, IPC, réseau) }}}
}

@BOOK{WeisLeroy,
title={Le langage Caml},
author={Pierre Weis and Xavier Leroy},
publisher={Dunod},
year={1999},
edition={2e},
isbn={9782100043835},
note={\\ \textsf{\small{ }}}
}

@BOOK{Eckel,
title={Thinking in Java},
author={Bruce Eckel},
publisher={Prentice Hall},
year={2006},
edition={2e},
}

@BOOK{NiemeyerKnudsen200212,
title={Introduction à Java},
author={Patrick Niemeyer and Jonathan Knudsen},
publisher={O'Reilly},
year={2002},
isbn={9782841772346},
totalpages={732},
note={\\ \textsf{\small{Un livre qui, en plus de présenter le langage, apporte un peu de recul sur java. Remises dans un contexte historique et replacées dans leur cadre d'utilisation, les différents choix qui ont été faits dans la conception du langage apparaissent plus clairement. A noter, une 3e édition en anglais existe (qui couvre notamment java 5).}}}
}

@BOOK{P.Niemeyer.j.Knudsen2005,
title={Learning Java},
author={Patrick Niemeyer and Jonathan Knudsen},
publisher={O'Reilly},
year={2005},
edition={3e},
}
@BOOK{Wall199612,
title={Programmation en Perl},
author={Larry Wall},
publisher={O'Reilly},
year={1996},
edition={2e},
isbn={9782841770045},
url={http://amazon.fr/o/ASIN/2841770044/},
note={\\ \textsf{\small{ouvrage de référence sur Perl, écrit par l'auteur du langage, dans un style étonnamment agréable pour un livre de ce genre. Même si Perl est depuis plusieurs années concurrencé par python et ruby, il reste le plus répandu et conserve un charme résumé par sa maxime, "There's more than one way to do it". A noter, une 3e édition en anglais existe.}}}
}

@BOOK{Stokes200612,
title={Inside The Machine: An Illustrated Introduction to Microprocessors and Computer Architecture},
author={John Stokes},
publisher={No Starch Press,US},
year={2006},
isbn={9781593271046},
note={\\ \textsf{\small{un livre qui présente les principales notions d'architecture avancée (pipeline, exécution spéculative, exécution out-of-order, processeurs superscalaires, caches) de manière très intuitive et particulièrement accessible. Moins technique que d'autres ouvrages, mais nettement plus agréable à lire.}}}
}

@BOOK{CollectifFernandezLagnierMaraninchiSicard200001,
title={Architectures logicielles et matérielles : Cours, études de cas et exercices corrigés},
author={Paul Amblard and Jean-Claude Fernandez and Fabienne Lagnier and Florence Maraninchi and Pascal Sicard and Philippe Waille},
publisher={Dunod},
year={2000},
isbn={9782100048939},
note={\\ \textsf{\small{Ouvrage épuisé mais disponible au format électronique \url{http://users-tima.imag.fr/sls/amblard/Livre_alm.pdf}}}}
}

@BOOK{HennessyPatterson200305,
title={Architectures des ordinateurs : Une approche quantitative},
author={John L. Hennessy and David A. Patterson},
publisher={Vuibert},
year={2003},
edition={3e},
note={\\ \textsf{\small{Ouvrage plus difficile d'accès mais excellent complément à un livre présentant les bases fonctionnelles de l'architecture. Cet ouvrage aborde de manière générale les questions de performances et présente de manière détaillée les différentes techniques visant à rendre un processeur plus efficace : pipeline, exécution spéculative, exécution out-of-order, processeurs superscalaires, caches. Plus pointu que l'ouvrage précédent il existe une édition plus récente, en anglais.}}}
}

@BOOK{PattersonHennessy201111,
title={Computer Organization and Design : The Hardware/Software Interface},
author={David A. Patterson and John L. Hennessy},
publisher={Morgan Kaufmann},
year={2011},
edition={4e},
isbn={9780123747501},
}

@BOOK{Silberschatz200102,
title={Principes appliqués des systèmes d'exploitation},
author={Abraham Silberschatz},
publisher={Vuibert},
year={2001},
isbn={9782711786657},
}

@BOOK{Kurose200903,
title={Analyse structurée des réseaux},
author={James Kurose and Keith Ross},
publisher={Pearson Education},
year={2004},
edition={2e},
isbn={9782744071171},
}
@BOOK{Kurose201205,
title={Computer Networking. },
author={James F. Kurose and Keith W. Ross},
publisher={Pearson Education},
year={2012},
edition={6e},
isbn={9780273768968},
url={http://amazon.com/o/ASIN/0273768964/},
price={$75.28},
totalpages={864},
timestamp={2012.06.20},
note={\\ \textsf{\small{Version anglaise de l'ouvrage précédent contenant les avancées récentes (technologies sans-fil, P2P, sécurité ...).}}}
}
@BOOK{Tanenbaum-systeme,
title={Systèmes d'exploitation},
author={Andrew Tanenbaum},
publisher={Pearson},
year={2008},
edition={3e},
isbn={9782744072994},
note={\\ \textsf{\small{bouquin de référence, internationalement reconnu, régulièrement révisé et retraduit.}}}
}

@BOOK{Tanenbaum-reseau,
title={Réseaux},
author={Andrew Tanenbaum and David J.Wetherall},
publisher={Pearson},
year={2011},
edition={5e},
note={\\ \textsf{\small{bouquin de référence, internationalement reconnu, régulièrement révisé et retraduit.}}}
}

@BOOK{Delahaye199705,
title={Le fascinant nombre pi},
author={Jean-Paul Delahaye},
publisher={Pour la Science},
year={1997},
}

@BOOK{Delahaye201203,
title={La Logique, un aiguillon pour la pensée},
author={Jean-Paul Delahaye},
publisher={Belin Littératures et Revues},
year={2012},
isbn={9782842451158},
}
@BOOK{Delahaye199508,
title={Logique, informatique et paradoxes},
author={Jean-Paul Delahaye},
publisher={Pour la Science},
year={1995},
}

@BOOK{Delahaye199812,
title={Jeux mathématiques et mathématiques des jeux},
author={Jean-Paul Delahaye},
publisher={Pour la Science},
year={1998},
}

@BOOK{Delahaye200203,
title={L'intelligence et le calcul},
author={Jean-Paul Delahaye},
publisher={Belin},
year={2002},
}

@BOOK{Delahaye200610,
title={Complexités : Aux limites des mathématiques et de l'informatique},
author={Jean-Paul Delahaye},
publisher={Pour la science},
year={2006},
}

@BOOK{HenryFrench200811,
title={Gödel Escher Bach : Les Brins d'une Guirlande Eternelle},
author={Douglas Hofstadter},
publisher={Dunod},
year={2008},
}

@BOOK{Caillou-puce,
title={Histoire d'algorithmes (Nouvelle édition). Du caillou à la puce},
author={Jean-Luc Chabert (dir.) and Evelyne Barbin and Michel Guillemot and Anne-Michel Pajus and Jacques Borowczyk and Ahmed Djebbar and Jean-Claude Martzloff},
publisher={Belin Littérature et Revue},
year={2010},
}

@BOOK{Singh199911,
title={Histoire des codes secrets. De l'Égypte des pharaons à l'ordinateur quantique},
author={Simon Singh},
publisher={Jean-Claude Lattès},
year={1999},
}

@BOOK{Dowek200703,
title={Les Métamorphoses du calcul : Une étonnante histoire des mathématiques},
author={Gilles Dowek},
publisher={Editions le Pommier},
year={2007},
}

@book{Bryant:2010:CSP:1841497,
author = {Bryant, Randal E. and O'Hallaron, David R.},
title = {Computer Systems: A Programmer's Perspective},
year = {2010},
isbn = {0136108040, 9780136108047},
edition = {2e},
publisher = {Addison-Wesley Publishing Company},
address = {USA},
note={\\ \textsf{\small{ce livre qui est l'un des plus complets et des plus accessibles sur le sujet}}}
}

@book{muller:ensl-00086707,
   hal_id = {ensl-00086707},
   url = {http://hal-ens-lyon.archives-ouvertes.fr/ensl-00086707},
   title = {{Arithm{\'e}tique des ordinateurs}},
   author = {Muller, Jean-Michel},
   publisher = {Masson},
   pages = {214},
   isbn = {2-225-81689-1 },
   year = {1989},
   note={\\ \textsf{\small{Ouvrage épuisé mais disponible sur le site ouvert de l'ENS de Lyon \url{http://hal-ens-lyon.archives-ouvertes.fr/ensl-00086707}}}}
}


@book{abiteboul2011web,
	Author = {Abiteboul, S. and Manolescu, I. and Rigaux, P. and Rousset, M.C. and Senellart, P.},
	Isbn = {9781107012431},
	Lccn = {2011037996},
	Publisher = {Cambridge University Press},
	Series = {Web Data Management},
	Title = {Web Data Management},
	Url = {http://books.google.fr/books?id=-yKCPHemQ0sC},
	Year = {2011},
	Bdsk-Url-1 = {http://books.google.fr/books?id=-yKCPHemQ0sC}}

@book{boudjlida:inria-00098811,
	Author = {Boudjlida, Nacer},
	Date-Added = {2012-06-25 10:13:30 +0200},
	Date-Modified = {2012-06-25 10:14:26 +0200},
	Hal_Id = {inria-00098811},
	Isbn = {2100043099},
	Language = {French},
	Note = {},
	Pages = {279 p},
	Publisher = {Dunod},
	Series = {Sciences Sup Informatique},
	Title = {{Bases de donn{\'e}es et syst{\`e}mes d'informations : Le mod{\`e}le relationnel : langages, syst{\`e}mes et m{\'e}thodes}},
	Url = {http://hal.inria.fr/inria-00098811},
	Year = {1999},
	Bdsk-Url-1 = {http://hal.inria.fr/inria-00098811}}

@book{Connolly,
	Author = {Connolly, T. and Begg, C.},
	Date-Added = {2012-06-25 10:20:00 +0200},
	Date-Modified = {2012-06-25 10:22:24 +0200},
	Publisher = {Goulet},
	Title = {Syst{\`e}mes de bases de donn{\'e}es : Approche pratique de la conception, de l'impl{\'e}mentation et de l'administration},
	Year = {2005}}

@book{ullman2008first,
	Author = {Ullman, J.D. and Widom, J.},
	Date-Added = {2012-06-25 10:00:20 +0200},
	Date-Modified = {2012-06-25 10:00:20 +0200},
	Isbn = {9780136006374},
	Lccn = {2009497230},
	Publisher = {Pearson Prentice Hall},
	Series = {GOAL Series},
	Title = {A First Course in Database Systems},
	Url = {http://books.google.com.mx/books?id=bq0oGQAACAAJ},
	Year = {2008},
	Bdsk-Url-1 = {http://books.google.com.mx/books?id=bq0oGQAACAAJ}}
	
@BOOK{Manning,
title={Introduction to Information Retrieval},
author={Christopher D. Manning and Prabhakar Raghavan and Hinrich Schütze},
publisher={Cambridge University Press},
year={2008},
isbn={9780521865715},
}

@BOOK{CoverThomas200607,
title={Elements of Information Theory 2nd Edition (Wiley Series in Telecommunications and Signal Processing)},
author={Thomas M. Cover and Joy A. Thomas},
publisher={Wiley-Interscience},
year={2006},
edition={2e},
isbn={9780471241959},
}

@BOOK{Downey201207,
title={Think Python},
author={Allen B. Downey},
publisher={O'Reilly Media},
year={2012},
isbn={9781449330729},
url={http://amazon.com/o/ASIN/144933072X/},
price={$39.99},
totalpages={275},
timestamp={2012.06.26},
}

@BOOK{Timsit,
title={Du transistor à l'ordinateur},
author={Claude Timsit},
publisher={Hermann},
isbn={9782705669720},
url={http://amazon.com/o/ASIN/2705669728/},
timestamp={2012.06.26},
year={2010},
}

@BOOK{Singh200108,
title={Histoire Des Codes Secrets},
author={Singh, Simon},
publisher={Livre de Poche},
year={2001},
}

